@ARTICLE{Herschel2010,
   author = {{Pilbratt}, G.~L. and {Riedinger}, J.~R. and {Passvogel}, T. and 
	{Crone}, G. and {Doyle}, D. and {Gageur}, U. and {Heras}, A.~M. and 
	{Jewell}, C. and {Metcalfe}, L. and {Ott}, S. and {Schmidt}, M.
	},
    title = "{Herschel Space Observatory. An ESA facility for far-infrared and submillimetre astronomy}",
  journal = {\aap},
archivePrefix = "arXiv",
   eprint = {1005.5331},
 primaryClass = "astro-ph.IM",
 keywords = {space vehicles, space vehicles: instruments, infrared: general, submillimetre: general},
     year = 2010,
    month = jul,
   volume = 518,
      eid = {L1},
    pages = {L1},
      doi = {10.1051/0004-6361/201014759},
   adsurl = {http://adsabs.harvard.edu/abs/2010A%26A...518L...1P},
  adsnote = {Provided by the SAO/NASA Astrophysics Data System}
}



@ARTICLE{HiGAL2010,
   author = {{Molinari}, S. and {Swinyard}, B. and {Bally}, J. and {Barlow}, M. and 
	{Bernard}, J.-P. and {Martin}, P. and {Moore}, T. and {Noriega-Crespo}, A. and 
	{Plume}, R. and {Testi}, L. and {Zavagno}, A. and {Abergel}, A. and 
	{Ali}, B. and {Anderson}, L. and {Andr{\'e}}, P. and {Baluteau}, J.-P. and 
	{Battersby}, C. and {Beltr{\'a}n}, M.~T. and {Benedettini}, M. and 
	{Billot}, N. and {Blommaert}, J. and {Bontemps}, S. and {Boulanger}, F. and 
	{Brand}, J. and {Brunt}, C. and {Burton}, M. and {Calzoletti}, L. and 
	{Carey}, S. and {Caselli}, P. and {Cesaroni}, R. and {Cernicharo}, J. and 
	{Chakrabarti}, S. and {Chrysostomou}, A. and {Cohen}, M. and 
	{Compiegne}, M. and {de Bernardis}, P. and {de Gasperis}, G. and 
	{di Giorgio}, A.~M. and {Elia}, D. and {Faustini}, F. and {Flagey}, N. and 
	{Fukui}, Y. and {Fuller}, G.~A. and {Ganga}, K. and {Garcia-Lario}, P. and 
	{Glenn}, J. and {Goldsmith}, P.~F. and {Griffin}, M. and {Hoare}, M. and 
	{Huang}, M. and {Ikhenaode}, D. and {Joblin}, C. and {Joncas}, G. and 
	{Juvela}, M. and {Kirk}, J.~M. and {Lagache}, G. and {Li}, J.~Z. and 
	{Lim}, T.~L. and {Lord}, S.~D. and {Marengo}, M. and {Marshall}, D.~J. and 
	{Masi}, S. and {Massi}, F. and {Matsuura}, M. and {Minier}, V. and 
	{Miville-Desch{\^e}nes}, M.-A. and {Montier}, L.~A. and {Morgan}, L. and 
	{Motte}, F. and {Mottram}, J.~C. and {M{\"u}ller}, T.~G. and 
	{Natoli}, P. and {Neves}, J. and {Olmi}, L. and {Paladini}, R. and 
	{Paradis}, D. and {Parsons}, H. and {Peretto}, N. and {Pestalozzi}, M. and 
	{Pezzuto}, S. and {Piacentini}, F. and {Piazzo}, L. and {Polychroni}, D. and 
	{Pomar{\`e}s}, M. and {Popescu}, C.~C. and {Reach}, W.~T. and 
	{Ristorcelli}, I. and {Robitaille}, J.-F. and {Robitaille}, T. and 
	{Rod{\'o}n}, J.~A. and {Roy}, A. and {Royer}, P. and {Russeil}, D. and 
	{Saraceno}, P. and {Sauvage}, M. and {Schilke}, P. and {Schisano}, E. and 
	{Schneider}, N. and {Schuller}, F. and {Schulz}, B. and {Sibthorpe}, B. and 
	{Smith}, H.~A. and {Smith}, M.~D. and {Spinoglio}, L. and {Stamatellos}, D. and 
	{Strafella}, F. and {Stringfellow}, G.~S. and {Sturm}, E. and 
	{Taylor}, R. and {Thompson}, M.~A. and {Traficante}, A. and 
	{Tuffs}, R.~J. and {Umana}, G. and {Valenziano}, L. and {Vavrek}, R. and 
	{Veneziani}, M. and {Viti}, S. and {Waelkens}, C. and {Ward-Thompson}, D. and 
	{White}, G. and {Wilcock}, L.~A. and {Wyrowski}, F. and {Yorke}, H.~W. and 
	{Zhang}, Q.},
    title = "{Clouds, filaments, and protostars: The Herschel Hi-GAL Milky Way}",
  journal = {\aap},
archivePrefix = "arXiv",
   eprint = {1005.3317},
 primaryClass = "astro-ph.GA",
 keywords = {stars: formation, ISM: structure, ISM: clouds, Galaxy: general},
     year = 2010,
    month = jul,
   volume = 518,
      eid = {L100},
    pages = {L100},
      doi = {10.1051/0004-6361/201014659},
   adsurl = {http://adsabs.harvard.edu/abs/2010A%26A...518L.100M},
  adsnote = {Provided by the SAO/NASA Astrophysics Data System}
}

@ARTICLE{SPIRE2010,
   author = {{Griffin}, M.~J. and {Abergel}, A. and {Abreu}, A. and {Ade}, P.~A.~R. and 
	{Andr{\'e}}, P. and {Augueres}, J.-L. and {Babbedge}, T. and 
	{Bae}, Y. and {Baillie}, T. and {Baluteau}, J.-P. and {Barlow}, M.~J. and 
	{Bendo}, G. and {Benielli}, D. and {Bock}, J.~J. and {Bonhomme}, P. and 
	{Brisbin}, D. and {Brockley-Blatt}, C. and {Caldwell}, M. and 
	{Cara}, C. and {Castro-Rodriguez}, N. and {Cerulli}, R. and 
	{Chanial}, P. and {Chen}, S. and {Clark}, E. and {Clements}, D.~L. and 
	{Clerc}, L. and {Coker}, J. and {Communal}, D. and {Conversi}, L. and 
	{Cox}, P. and {Crumb}, D. and {Cunningham}, C. and {Daly}, F. and 
	{Davis}, G.~R. and {de Antoni}, P. and {Delderfield}, J. and 
	{Devin}, N. and {di Giorgio}, A. and {Didschuns}, I. and {Dohlen}, K. and 
	{Donati}, M. and {Dowell}, A. and {Dowell}, C.~D. and {Duband}, L. and 
	{Dumaye}, L. and {Emery}, R.~J. and {Ferlet}, M. and {Ferrand}, D. and 
	{Fontignie}, J. and {Fox}, M. and {Franceschini}, A. and {Frerking}, M. and 
	{Fulton}, T. and {Garcia}, J. and {Gastaud}, R. and {Gear}, W.~K. and 
	{Glenn}, J. and {Goizel}, A. and {Griffin}, D.~K. and {Grundy}, T. and 
	{Guest}, S. and {Guillemet}, L. and {Hargrave}, P.~C. and {Harwit}, M. and 
	{Hastings}, P. and {Hatziminaoglou}, E. and {Herman}, M. and 
	{Hinde}, B. and {Hristov}, V. and {Huang}, M. and {Imhof}, P. and 
	{Isaak}, K.~J. and {Israelsson}, U. and {Ivison}, R.~J. and 
	{Jennings}, D. and {Kiernan}, B. and {King}, K.~J. and {Lange}, A.~E. and 
	{Latter}, W. and {Laurent}, G. and {Laurent}, P. and {Leeks}, S.~J. and 
	{Lellouch}, E. and {Levenson}, L. and {Li}, B. and {Li}, J. and 
	{Lilienthal}, J. and {Lim}, T. and {Liu}, S.~J. and {Lu}, N. and 
	{Madden}, S. and {Mainetti}, G. and {Marliani}, P. and {McKay}, D. and 
	{Mercier}, K. and {Molinari}, S. and {Morris}, H. and {Moseley}, H. and 
	{Mulder}, J. and {Mur}, M. and {Naylor}, D.~A. and {Nguyen}, H. and 
	{O'Halloran}, B. and {Oliver}, S. and {Olofsson}, G. and {Olofsson}, H.-G. and 
	{Orfei}, R. and {Page}, M.~J. and {Pain}, I. and {Panuzzo}, P. and 
	{Papageorgiou}, A. and {Parks}, G. and {Parr-Burman}, P. and 
	{Pearce}, A. and {Pearson}, C. and {P{\'e}rez-Fournon}, I. and 
	{Pinsard}, F. and {Pisano}, G. and {Podosek}, J. and {Pohlen}, M. and 
	{Polehampton}, E.~T. and {Pouliquen}, D. and {Rigopoulou}, D. and 
	{Rizzo}, D. and {Roseboom}, I.~G. and {Roussel}, H. and {Rowan-Robinson}, M. and 
	{Rownd}, B. and {Saraceno}, P. and {Sauvage}, M. and {Savage}, R. and 
	{Savini}, G. and {Sawyer}, E. and {Scharmberg}, C. and {Schmitt}, D. and 
	{Schneider}, N. and {Schulz}, B. and {Schwartz}, A. and {Shafer}, R. and 
	{Shupe}, D.~L. and {Sibthorpe}, B. and {Sidher}, S. and {Smith}, A. and 
	{Smith}, A.~J. and {Smith}, D. and {Spencer}, L. and {Stobie}, B. and 
	{Sudiwala}, R. and {Sukhatme}, K. and {Surace}, C. and {Stevens}, J.~A. and 
	{Swinyard}, B.~M. and {Trichas}, M. and {Tourette}, T. and {Triou}, H. and 
	{Tseng}, S. and {Tucker}, C. and {Turner}, A. and {Vaccari}, M. and 
	{Valtchanov}, I. and {Vigroux}, L. and {Virique}, E. and {Voellmer}, G. and 
	{Walker}, H. and {Ward}, R. and {Waskett}, T. and {Weilert}, M. and 
	{Wesson}, R. and {White}, G.~J. and {Whitehouse}, N. and {Wilson}, C.~D. and 
	{Winter}, B. and {Woodcraft}, A.~L. and {Wright}, G.~S. and 
	{Xu}, C.~K. and {Zavagno}, A. and {Zemcov}, M. and {Zhang}, L. and 
	{Zonca}, E.},
    title = "{The Herschel-SPIRE instrument and its in-flight performance}",
  journal = {\aap},
archivePrefix = "arXiv",
   eprint = {1005.5123},
 primaryClass = "astro-ph.IM",
 keywords = {instrumentation: photometers, instrumentation: spectrographs, space vehicles: instruments, submillimeter: general},
     year = 2010,
    month = jul,
   volume = 518,
      eid = {L3},
    pages = {L3},
      doi = {10.1051/0004-6361/201014519},
   adsurl = {http://adsabs.harvard.edu/abs/2010A%26A...518L...3G},
  adsnote = {Provided by the SAO/NASA Astrophysics Data System}
}

@ARTICLE{Wilcock2012a,
   author = {{Wilcock}, L.~A. and {Ward-Thompson}, D. and {Kirk}, J.~M. and 
	{Stamatellos}, D. and {Whitworth}, A. and {Elia}, D. and {Fuller}, G.~A. and 
	{DiGiorgio}, A. and {Griffin}, M.~J. and {Molinari}, S. and 
	{Martin}, P. and {Mottram}, J.~C. and {Peretto}, N. and {Pestalozzi}, M. and 
	{Schisano}, E. and {Plume}, R. and {Smith}, H.~A. and {Thompson}, M.~A.
	},
    title = "{Cores in infrared dark clouds (IRDCs) seen in the Hi-GAL survey between l= 300{\deg} and 330{\deg}}",
  journal = {\mnras},
archivePrefix = "arXiv",
   eprint = {1202.0395},
 primaryClass = "astro-ph.GA",
 keywords = {stars: formation},
     year = 2012,
    month = may,
   volume = 422,
    pages = {1071-1082},
      doi = {10.1111/j.1365-2966.2012.20680.x},
   adsurl = {http://adsabs.harvard.edu/abs/2012MNRAS.422.1071W},
  adsnote = {Provided by the SAO/NASA Astrophysics Data System}
}

@ARTICLE{Simon06,
   author = {{Simon}, R. and {Jackson}, J.~M. and {Rathborne}, J.~M. and 
	{Chambers}, E.~T.},
    title = "{A Catalog of Midcourse Space Experiment Infrared Dark Cloud Candidates}",
  journal = {\apj},
   eprint = {arXiv:astro-ph/0511079},
 keywords = {Catalogs, ISM: Dust, Extinction, Galaxy: General, Infrared: ISM, ISM: Clouds, ISM: Structure},
     year = 2006,
    month = mar,
   volume = 639,
    pages = {227-236},
      doi = {10.1086/499342},
   adsurl = {http://adsabs.harvard.edu/abs/2006ApJ...639..227S},
  adsnote = {Provided by the SAO/NASA Astrophysics Data System}
}

@ARTICLE{PF09,
   author = {{Peretto}, N. and {Fuller}, G.~A.},
    title = "{The initial conditions of stellar protocluster formation. I. A catalogue of Spitzer dark clouds}",
  journal = {\aap},
archivePrefix = "arXiv",
   eprint = {0906.3493},
 primaryClass = "astro-ph.GA",
 keywords = {catalogs, stars: formation, ISM: clouds},
     year = 2009,
    month = oct,
   volume = 505,
    pages = {405-415},
      doi = {10.1051/0004-6361/200912127},
   adsurl = {http://adsabs.harvard.edu/abs/2009A%26A...505..405P},
  adsnote = {Provided by the SAO/NASA Astrophysics Data System}
}

@ARTICLE{Stanke2010_NGC1999,
   author = {{Stanke}, T. and {Stutz}, A.~M. and {Tobin}, J.~J. and {Ali}, B. and 
	{Megeath}, S.~T. and {Krause}, O. and {Linz}, H. and {Allen}, L. and 
	{Bergin}, E. and {Calvet}, N. and {di Francesco}, J. and {Fischer}, W.~J. and 
	{Furlan}, E. and {Hartmann}, L. and {Henning}, T. and {Manoj}, P. and 
	{Maret}, S. and {Muzerolle}, J. and {Myers}, P.~C. and {Neufeld}, D. and 
	{Osorio}, M. and {Pontoppidan}, K. and {Poteet}, C.~A. and {Watson}, D.~M. and 
	{Wilson}, T.},
    title = "{Hier ist wahrhaftig ein Loch im Himmel. The NGC 1999 dark globule is not a globule}",
  journal = {\aap},
archivePrefix = "arXiv",
   eprint = {1005.2202},
 primaryClass = "astro-ph.GA",
 keywords = {ISM: clouds, ISM: individual objects: NGC 1999, ISM: jets and outflows, infrared: ISM, dust, extinction},
     year = 2010,
    month = jul,
   volume = 518,
      eid = {L94},
    pages = {L94},
      doi = {10.1051/0004-6361/201014612},
   adsurl = {http://adsabs.harvard.edu/abs/2010A%26A...518L..94S},
  adsnote = {Provided by the SAO/NASA Astrophysics Data System}
}
